@book{basics,
    author = "Torben Æ. Mogensen",
    title = "Basics of Compiler Design, extended edition",
    publisher = "Polyteknisk Boghandel",
    edition = "10th",
    year = "2009",
}

@article{chomhir,
    author = "Torben Æ. Mogensen",
    title = "Chomsky hierarkiet af sprogklasser",
    journal = "TOPPS Bibliography?",
    year = "2001",
    month = "July"
}

@book{fundamentals,
    author = "L. Budach",
    title = "Fundamentals of Computation Theory",
    publisher = "Springer-Verlag",
    year = "1991"
}

@book{formlang,
    author = "Rozenberg, Grzegorz and Salomaa, Arto",
    title = "Handbook of Formal Languages: Word, Language, Grammar",
    publisher = "Springer",
    year = "1997"
}

@book{mosowner,
    author = "Peter Sestoft et al",
    title = "Moscow ML Owner's Manual",
    year = "2000"
}
